<?xml version="1.0" encoding="UTF-8"?><collection><record><leader>02621ntm a2200385 a 4500</leader><controlfield tag="001">002641757</controlfield><controlfield tag="003">MiAaHDL</controlfield><controlfield tag="005">20190719000000.0</controlfield><controlfield tag="006">m        d        </controlfield><controlfield tag="007">cr bn ---auaua</controlfield><controlfield tag="008">930712s1767    xx            00||  ara d</controlfield><datafield tag="035" ind1=" " ind2=" "><subfield code="a">(MiU)002641757</subfield></datafield><datafield tag="035" ind1=" " ind2=" "><subfield code="a">sdr-miu002641757</subfield></datafield><datafield tag="035" ind1=" " ind2=" "><subfield code="a">(OCoLC)34366912</subfield></datafield><datafield tag="035" ind1=" " ind2=" "><subfield code="a">(RLIN)MIUH93-A227</subfield></datafield><datafield tag="040" ind1=" " ind2=" "><subfield code="a">MiU</subfield><subfield code="c">MiU</subfield><subfield code="e">appm</subfield></datafield><datafield tag="100" ind1="1" ind2=" "><subfield code="6">880-01</subfield><subfield code="a">Jazūlī, Muḥammad ibn Sulaymān,</subfield><subfield code="d">-1465.</subfield></datafield><datafield tag="245" ind1="1" ind2="0"><subfield code="6">880-02</subfield><subfield code="a">Dalāʾil al-khayrāt wa-shawāriq al-anwār fī dhikr al-ṣalāh ʻalá al-nabī al-mukhtār :</subfield><subfield code="k">manuscript,</subfield><subfield code="f">[1767].</subfield></datafield><datafield tag="300" ind1=" " ind2=" "><subfield code="a">1</subfield><subfield code="f">v. ([198] p.) :</subfield><subfield code="b">ill. ;</subfield><subfield code="c">17 cm.</subfield></datafield><datafield tag="500" ind1=" " ind2=" "><subfield code="a">On pp. [30-31], illustrations of the mosques of Medinah (left) and Mecca (right).</subfield></datafield><datafield tag="500" ind1=" " ind2=" "><subfield code="a">Illuminated ʻunwān; text rubricated and vocalized; gold borders; marginal commentary in hand of copyist.</subfield></datafield><datafield tag="500" ind1=" " ind2=" "><subfield code="a">Muḥammad ibn al-ḥājj Ismāʻīl ... li-sanat iḥdá wa-thamānīn wa-miʾah wa-alf ... sanat 1181 [i.e. 28 July 1767].</subfield></datafield><datafield tag="500" ind1=" " ind2=" "><subfield code="a">Date, copyist's name, and sources for copy in colophon: wa-qad waqaʻa al-farāgh min takmīl hādhihi al-nuskhah ... fī ghurrat Rabīʻ al-ākhir bayn al-ẓuhr wa-al-ʻaṣr fī arbuʻāʾ al-shahr wa-qad ṣaḥḥaḥtu hādhā al-kitāb al-mustaṭāb min al-nuskhatayn al-muʻtabirayn aḥadahumā al-nuskhah allatī ṣannafahā ṣāḥib al-taʾlīf Sulaymān al-Jazūlī ... wa-nuskhatuhu al-ākhir li-ʻAbd al-Ghanī al-Nābulusī ... wa-anā al-faqīr ... al-mushtahir bayna atrābihi Qayyim Zādah Darwīsh</subfield></datafield><datafield tag="500" ind1=" " ind2=" "><subfield code="a">For other copies of this text, see Mich. Isl. Mss. 199, 249,2, and 852.</subfield></datafield><datafield tag="510" ind1="4" ind2=" "><subfield code="a">GAL,</subfield><subfield code="c">v. II, p. 327-8; EI2, v. ii, p. 527a</subfield></datafield><datafield tag="520" ind1=" " ind2=" "><subfield code="a">"A collection of prayers for the Prophet, description of his tomb, his names etc., published several times." Encyc. Islam, v. ii, p. 527a.</subfield></datafield><datafield tag="538" ind1=" " ind2=" "><subfield code="a">Mode of access: Internet.</subfield></datafield><datafield tag="541" ind1=" " ind2=" "><subfield code="d">1924</subfield><subfield code="3">Manuscript</subfield><subfield code="a">Anonymous</subfield><subfield code="c">Purchase, 1924</subfield><subfield code="h">$50.00</subfield></datafield><datafield tag="545" ind1=" " ind2=" "><subfield code="a">Berber legal scholar and Ṣūfī from Morocco.</subfield></datafield><datafield tag="561" ind1=" " ind2=" "><subfield code="a">Purchased in Cairo, 1924. Once part of the personal manuscript collection of Sultan Abdülhamid of Turkey.</subfield></datafield><datafield tag="650" ind1=" " ind2="0"><subfield code="a">Islam</subfield><subfield code="v">Prayers and devotions</subfield><subfield code="y">Early works to 1800.</subfield></datafield><datafield tag="650" ind1=" " ind2="0"><subfield code="a">Manuscripts, Arabic</subfield><subfield code="z">Michigan</subfield><subfield code="z">Ann Arbor.</subfield></datafield><datafield tag="700" ind1="0" ind2=" "><subfield code="a">Abdülhamid</subfield><subfield code="b">II,</subfield><subfield code="c">Sultan of the Turks,</subfield><subfield code="d">1842-1918,</subfield><subfield code="e">former owner.</subfield></datafield><datafield tag="773" ind1="0" ind2=" "><subfield code="a">Abdul Hamid Collection.</subfield><subfield code="7">unbc</subfield><subfield code="w">(CStRLIN)MIUH93-A187.</subfield></datafield><datafield tag="880" ind1="1" ind2="0"><subfield code="6">245-02/</subfield><subfield code="a">دلائل الخيرات وشوارق الأنوار في ذكر الصلاة على النبي المختار :</subfield><subfield code="k">manuscript،</subfield><subfield code="f">[1767].</subfield></datafield><datafield tag="880" ind1="0" ind2=" "><subfield code="6">100-01/</subfield><subfield code="a">محمد بن سليمان الجزولي.</subfield></datafield><datafield tag="CID" ind1=" " ind2=" "><subfield code="a">002641757</subfield></datafield><datafield tag="DAT" ind1="0" ind2=" "><subfield code="a">20190719102633.0</subfield><subfield code="b">20190719000000.0</subfield></datafield><datafield tag="DAT" ind1="1" ind2=" "><subfield code="a">20190719090653.0</subfield><subfield code="b">2019-07-19T16:10:43Z</subfield></datafield><datafield tag="DAT" ind1="2" ind2=" "><subfield code="a">2015-10-02T18:00:03Z</subfield></datafield><datafield tag="CAT" ind1=" " ind2=" "><subfield code="a">SDR-MIU</subfield><subfield code="d">EX LIBRIS - ALEPH</subfield><subfield code="l">prepare.pl-004-008</subfield></datafield><datafield tag="FMT" ind1=" " ind2=" "><subfield code="a">BK</subfield></datafield><datafield tag="HOL" ind1=" " ind2=" "><subfield code="0">sdr-miu002641757</subfield><subfield code="a">MiU</subfield><subfield code="b">SDR</subfield><subfield code="c">MIU</subfield><subfield code="p">mdp.39015081446315</subfield><subfield code="s">MIU</subfield><subfield code="1">002641757</subfield></datafield><datafield tag="974" ind1=" " ind2=" "><subfield code="b">MIU</subfield><subfield code="c">MIU</subfield><subfield code="d">20190719</subfield><subfield code="s">lit-dlps-dc</subfield><subfield code="u">mdp.39015081446315</subfield><subfield code="y">1767</subfield><subfield code="r">pd</subfield><subfield code="q">bib</subfield><subfield code="t">non-US bib date1 &lt; 1896</subfield></datafield></record></collection>